
@online{ytbTransformer,
  author  = {3Blue1BrownJapan},
  title   = {GPTとは何か Transformerの視覚化 | Chapter 5, Deep Learning},
  year    = {2024},
  url     = {https://www.youtube.com/watch?v=KlZ-QmPteqM}
  }

@online{ytbAttention,
  author  = {3Blue1BrownJapan},
  title  = {GPT解説2 Attentionの仕組み | Chapter6, 深層学習},
  year    = {2024},
  url     = {https://www.youtube.com/watch?v=j3_VgCt18fA&t=412s}
  }

@online{ytbLLM,
  author  = {3Blue1BrownJapan},
  title   = {LLMの仕組み 簡単バージョン},
  year    = {2024},
  url     = {https://www.youtube.com/watch?v=y7NQiNER6r4},
  }

@online{ytbgpt5,
  author  = {安野貴博},
  title   = {【知性vs親密さ】GPT-5を使ってみた雑感をしゃべる},
  year    = {2025},
  url     = {https://www.youtube.com/watch?v=l4JcS-WoaZo},
}

@online{ytbAGI,
  author  = {安野貴博},
  title   = {AGI時代：汎用人工知能が人間を超える未来から、同国民を守るか？},
  year    = {2025},
  url     = {https://www.youtube.com/watch?v=-WVkj86jLSg},
}

@book{LLMprompt,
  title   = {LLMのプロンプトエンジニアリング ―GitHub Copilotを生んだ開発者が教える生成AIアプリケーション開発},
  author  = {John Berryman },
  isbn = {4814401132 },
  publisher = {オライリー・ジャパン},
  year = {2025},
}

%% @online{,
%%   author  = {},
%%   title   = {},
%%   year    = {},
%%   url     = {},
%%   note    = {}}